%! Author = yanni
%! Date = 17.10.2021

